/home/kgorman/Documents/Other/kgorman.bib